@article{kou_safe_2020,
    title = {Safe deep reinforcement learning-based constrained optimal control scheme for active distribution networks},
    volume = {264},
    issn = {03062619},
    url = {https://doi.org/10.1016/j.apenergy.2020.114772},
    doi = {10.1016/j.apenergy.2020.114772},
    number = {December 2019},
    journal = {Applied Energy},
    author = {Kou, Peng and Liang, Deliang and Wang, Chen and Wu, Zihao and Gao, Lin},
    year = {2020},
    note = {Publisher: Elsevier},
    keywords = {Active distribution network, Constraint satisfaction, Deep deterministic policy gradient, Optimal voltage control, Smart transformer},
    pages = {114772},
    file = {PDF:/home/mvkvc/snap/zotero-snap/common/Zotero/storage/4VKZHPN3/Safe Deep RL for active distribution networks.pdf:application/pdf},
}

@article{selser_optimal_2021,
    title = {Optimal {Market} {Making} by {Reinforcement} {Learning}},
    url = {http://arxiv.org/abs/2104.04036},
    urldate = {2021-06-29},
    journal = {SSRN Electronic Journal},
    author = {Selser, Matias and Kreiner, Javier and Maurette, Manuel},
    month = apr,
    year = {2021},
    note = {arXiv: 2104.04036
Publisher: Elsevier BV},
    keywords = {reinforcement learning, market making, Q-Learning, quantitative finance 2020 AMS Subject Classificati},
    file = {PDF:/home/mvkvc/snap/zotero-snap/common/Zotero/storage/CKEHZP8D/full-text.pdf:application/pdf},
}

@article{spooner_market_2018,
    title = {Market {Making} via {Reinforcement} {Learning}},
    volume = {1},
    url = {https://arxiv.org/abs/1804.04216v1},
    urldate = {2021-09-01},
    journal = {Proceedings of the International Joint Conference on Autonomous Agents and Multiagent Systems, AAMAS},
    author = {Spooner, Thomas and Fearnley, John and Savani, Rahul and Koukorinis, Andreas},
    month = apr,
    year = {2018},
    note = {arXiv: 1804.04216
Publisher: International Foundation for Autonomous Agents and Multiagent Systems (IFAAMAS)},
    keywords = {Limit order books, Market making, TD learning, Tile coding},
    pages = {434--442},
    file = {PDF:/home/mvkvc/snap/zotero-snap/common/Zotero/storage/QM4PYBY2/full-text.pdf:application/pdf},
}

@misc{spooner2020robust,
    title = {Robust Market Making via Adversarial Reinforcement Learning},
    author = {Thomas Spooner and Rahul Savani},
    year = {2020},
    eprint = {2003.01820},
    archivePrefix = {arXiv},
    primaryClass = {q-fin.TR}
}

@book{lim_reinforcement_2021,
    title = {Reinforcement {Learning} for {High}-{Frequency} {Market} {Making}},
    isbn = {978-2-87587-047-6},
    url = {http://www.i6doc.com/en/.},
    urldate = {2021-06-28},
    author = {Lim, Ye-Sheen and Gorse, Denise},
    file = {PDF:/home/mvkvc/snap/zotero-snap/common/Zotero/storage/UQ29DV8L/full-text.pdf:application/pdf},
}

@article{chow_risk-constrained_2018,
    title = {Risk-constrained reinforcement learning with percentile risk criteria},
    volume = {18},
    issn = {15337928},
    number = {xxxx},
    journal = {Journal of Machine Learning Research},
    author = {Chow, Yinlam and Ghavamzadeh, Mohammad and Janson, Lucas and Pavone, Marco},
    year = {2018},
    note = {arXiv: 1512.01629},
    keywords = {Actor-Critic Algorithms, Chance-Constrained Optimization, Conditional Value-at-Risk, Markov Decision Process, Policy Gradient Algorithms, Reinforcement Learning},
    pages = {1--51},
    file = {PDF:/home/mvkvc/snap/zotero-snap/common/Zotero/storage/WYHECDMH/Risk-Constrained Reinforcement Learning.pdf:application/pdf},
}

@article{garcia15a,
    author = {Javier Garc{{\'i}}a and Fern and o Fern{{\'a}}ndez},
    title = {A Comprehensive Survey on Safe Reinforcement Learning},
    journal = {Journal of Machine Learning Research},
    year = {2015},
    volume = {16},
    number = {42},
    pages = {1437-1480},
    url = {http://jmlr.org/papers/v16/garcia15a.html}
}

@article{Dirac1953888,
  title   = {The {Lorentz} transformation and absolute time},
  journal = {Physica },
  volume  = {19},
  number  = {1-â€“12},
  pages   = {888--896},
  year    = {1953},
  doi     = {10.1016/S0031-8914(53)80099-6},
  author  = {P. A. M. Dirac}
}

@article{Feynman1963118,
  title   = {The theory of a general quantum system interacting with a linear dissipative system},
  journal = {Annals of Physics },
  volume  = {24},
  pages   = {118--173},
  year    = {1963},
  doi     = {10.1016/0003-4916(63)90068-X},
  author  = {R. P Feynman and F. L {Vernon Jr.}}
}